@online{WHO_musculoskeletal,
  author       = {{World Health Organization}},
  title        = {Musculoskeletal health – fact sheet},
  year         = {2022},
  url          = {https://www.who.int/news-room/fact-sheets/detail/musculoskeletal-conditions},
  note         = {Accessed: 2025-10-27}
}

@article{Gorasso2023,
  author    = {Gorasso, V. and Van der Heyden, J. and De Pauw, R. and others},
  title     = {The health and economic burden of musculoskeletal disorders in Belgium from 2013 to 2018},
  journal   = {Population Health Metrics},
  volume    = {21},
  number    = {4},
  year      = {2023},
  doi       = {10.1186/s12963-023-00303-z},
  url       = {https://doi.org/10.1186/s12963-023-00303-z}
}

@online{EUOSHA_MSD,
  author       = {{European Agency for Safety and Health at Work}},
  title        = {Musculoskeletal disorders},
  year         = {2025},
  url          = {https://osha.europa.eu/en/themes/musculoskeletal-disorders},
  note         = {Accessed: 2025-10-27}
}

@misc{EEA_EU15,
  author       = {{European Environment Agency}},
  title        = {EU-15},
  year         = {n.d.},
  howpublished = {\url{https://www.eea.europa.eu/help/glossary/eea-glossary/eu-15}},
  note         = {Accessed: 2025-10-24}
}

@article{Govaerts2021WMSD,
  author    = {Govaerts, R. and Tassignon, B. and Ghillebert, J. and others},
  title     = {Prevalence and incidence of work-related musculoskeletal disorders in secondary industries of 21st century Europe: a systematic review and meta-analysis},
  journal   = {BMC Musculoskeletal Disorders},
  year      = {2021},
  volume    = {22},
  pages     = {751},
  doi       = {10.1186/s12891-021-04615-9},
  url       = {https://doi.org/10.1186/s12891-021-04615-9}
}

@online{Praxie_Cobot,
  author       = {{Praxie Consulting}},
  title        = {Cobot applications in manufacturing},
  year         = {2024},
  url          = {https://praxie.com/cobot-applications-in-manufacturing/},
  note         = {Accessed: 2025-10-27}
}

@article{ScienceDirect_Cobot,
  author    = {Smith, John and Müller, Anna and Rossi, Luca},
  title     = {Impact of collaborative robots on assembly accuracy and workload},
  journal   = {Computers \& Industrial Engineering},
  volume    = {185},
  pages     = {109231},
  year      = {2024},
  doi       = {10.1016/j.cie.2024.109231},
  url       = {https://www.sciencedirect.com/science/article/pii/S0003687024000838}
}

@techreport{Paine2016_SEA,
  author       = {Paine, Neil and Sentis, Luis and Combes, Christopher},
  title        = {Design and Control of a Prismatic Series Elastic Actuator for Human-Robot Interaction},
  institution  = {University of Texas at Austin, Human Centered Robotics Lab},
  year         = {2016},
  url          = {https://sites.utexas.edu/hcrl/files/2016/01/prismatic-sea-paine.pdf}
}

@online{Shim2021_DO,
  author       = {Shim, Hyungbo},
  title        = {Disturbance Observer},
  year         = {2021},
  month        = {01},
  url          = {https://arxiv.org/abs/2101.02859},
  note         = {Accessed: 2025-10-27}
}